% Encoding: UTF-8
%! Author = martin
%! Date = 29.06.21

@Book{JohnDoe2021,
  author    = {John Doe, Author 1},
  publisher = {Publisher},
  title     = {Title},
  year      = {2021},
  edition   = {First},
}

@Book{JohnDoe2021a,
  author    = {John Doe, Author 2},
  publisher = {Publisher},
  title     = {Title},
  year      = {2021},
  edition   = {First},
}

@Misc{Doe2021,
  author = {John Doe},
  title  = {Title},
  year   = {2021},
}

@Misc{JohnDoe2021b,
  author = {John Doe, Author 3},
  title  = {Title},
  year   = {2021},
}

@Misc{Doe2021a,
  author = {John Doe},
  title  = {Title},
  date   = {2021},
}

@Comment{jabref-meta: databaseType:bibtex;}
