%! Autor = martin
%! Date = 29.06.21

@Book{MaxMustermann2021,
  author    = {Max Mustermann},
  title     = {Titel},
  edition   = {First},
  publisher = {Herausgeber},
  year      = {2021},
}

@Book{MaxMustermann2021a,
  author    = {Max Mustermann and Marta Musterfrau},
  publisher = {Herausgeber},
  title     = {Titel},
  edition   = {First},
  year      = {2021},
}

@Misc{Mustermann2021,
  author = {Max Mustermann},
  title  = {Titel},
  year   = {2021},
}

@Misc{MaxMustermann2021b,
  author = {Max Mustermann},
  title  = {Titel},
  year   = {2021},
}

@Misc{Mustermann2021a,
  author = {Max Mustermann},
  title  = {Titel},
  year   = {2021},
}

@Comment{jabref-meta: databaseType:biblatex;}
