% Encoding: UTF-8
%! Autor = martin
%! Date = 29.06.21

@Book{MaxMustermann2021,
    author = {Max Mustermann, Autor 1},
    publisher = {Herausgeber},
    title = {Titel},
    year = {2021},
    edition = {First},
}

@Book{MaxMustermann2021a,
    author = {Max Mustermann, Autor 2},
    author = {Max Mustermann, Autor 2},
    publisher = {Herausgeber},
    title = {Titel},
    year = {2021},
    edition = {First},
}

@Misc{Mustermann2021,
    author = {Max Mustermann},
    title = {Titel},
    year = {2021},
}

@Misc{MaxMustermann2021b,
    author = {Max Mustermann, Autor 3},
    title = {Titel},
    year = {2021},
}

@Misc{Mustermann2021a,
    author = {Max Mustermann},
    title = {Titel},
    date = {2021},
}

@Comment{jabref-meta: databaseType:bibtex;}
